%% Bibliography File

@book{NAP11761,
author = "National Research Council",
title = "Status of Pollinators in North America",
isbn = "978-0-309-10289-6",
doi = "10.17226/11761",
url = "https://www.nap.edu/catalog/11761/status-of-pollinators-in-north-america",
year = 2007,
publisher = "The National Academies Press",
address = "Washington, DC"
}

@article{doi:10.1086/418432,
author = {Bronstein, Judith L.},
title = {Our Current Understanding of Mutualism},
journal = {The Quarterly Review of Biology},
volume = {69},
number = {1},
pages = {31-51},
year = {1994},
doi = {10.1086/418432},
URL = {https://doi.org/10.1086/418432},
}

@article{QU2013107,
title = "A spatially explicit agent-based simulation platform for investigating effects of shared pollination service on ecological communities",
journal = "Simulation Modelling Practice and Theory",
volume = "37",
pages = "107 - 124",
year = "2013",
issn = "1569-190X",
doi = "https://doi.org/10.1016/j.simpat.2013.06.003",
url = "http://www.sciencedirect.com/science/article/pii/S1569190X13001032",
author = "Hongchun Qu and Tal Seifan and Katja Tielbörger and Merav Seifan"
}

@article{doi:10.1098/rspb.2006.3721,
author = {Klein, Alexandra-Maria  and Vaissière, Bernard E  and Cane, James H  and Steffan-Dewenter, Ingolf  and Cunningham, Saul A  and Kremen, Claire  and Tscharntke, Teja },
title = {Importance of pollinators in changing landscapes for world crops},
journal = {Proceedings of the Royal Society B: Biological Sciences},
volume = {274},
number = {1608},
pages = {303-313},
year = {2007},
doi = {10.1098/rspb.2006.3721},
URL = {https://royalsocietypublishing.org/doi/abs/10.1098/rspb.2006.3721},
}

@ARTICLE{Obsie2020,
author={Obsie, E.Y. and Qu, H. and Drummond, F.},
title={Wild blueberry yield prediction using a combination of computer simulation and machine learning algorithms},
journal={Computers and Electronics in Agriculture},
year={2020},
volume={178},
doi={10.1016/j.compag.2020.105778},
art_number={105778},
note={cited By 1},
document_type={Article},
source={Scopus},
}

@article{10.1093/aob/mcaa043,
    author = {Zhang, Bo and DeAngelis, Donald L},
    title = "{An overview of agent-based models in plant biology and ecology}",
    journal = {Annals of Botany},
    volume = {126},
    number = {4},
    pages = {539-557},
    year = {2020},
    month = {03},
    issn = {0305-7364},
    doi = {10.1093/aob/mcaa043},
    url = {https://doi.org/10.1093/aob/mcaa043}
}

@article{10.3732/ajb.0800260,
author = {Elliott, Susan and Irwin, Rebecca},
year = {2009},
month = {05},
pages = {912-9},
title = {Effects of flowering plant density on pollinator visitation, pollen receipt, and seed production in Delphinium barbeyi (Ranunculaceae)},
volume = {96},
journal = {American journal of botany},
doi = {10.3732/ajb.0800260}
}

@article{10.2307/25562589,
 ISSN = {02664674, 14697831},
 URL = {http://www.jstor.org/stable/25562589},
 journal = {Journal of Tropical Ecology},
 number = {1},
 pages = {75--83},
 publisher = {Cambridge University Press},
 title = {Distribution of Androdioecious and Hermaphroditic Populations of the Mangrove Laguncularia racemosa (Combretaceae) in Florida and the Bahamas},
 volume = {25},
 year = {2009}
}

@article{Jakobsson2009138,
author={Jakobsson, A. and Padrón, B. and Traveset, A.},
title={Competition for pollinators between invasive and native plants: Effects of spatial scale of investigation (note)},
journal={Ecoscience},
year={2009},
volume={16},
number={1},
pages={138-141},
doi={10.2980/16-1-3193},
note={cited By 29},
document_type={Article},
source={Scopus},
}

@article{Ward200016,
author={Ward, J.F. and Austin, R.M. and Macdonald, D.W.},
title={A simulation model of foraging behaviour and the effect of predation risk},
journal={Journal of Animal Ecology},
year={2000},
volume={69},
number={1},
pages={16-30},
doi={10.1046/j.1365-2656.2000.00371.x},
note={cited By 28},
document_type={Article},
source={Scopus},
}

